@article{o2004bayesian,
  title={Bayesian multivariate logistic regression},
  author={O'brien, Sean M and Dunson, David B},
  journal={Biometrics},
  volume={60},
  number={3},
  pages={739--746},
  year={2004},
  publisher={Wiley Online Library}
}
